%%% ====================================================================
%%% 	openpave.bib - Shared OpenPave Bibliographic References
%%%   	(c) Openpave.org, 2006.
%%%
%%% $OpenPave$
%%% ====================================================================

@INPROCEEDINGS{Prozzi:1997,
  author = {Prozzi, Jorge A and de Beer, Morris},
  title = {Mechanistic determination of equivalent damage factors for
	multiple load and axle configurations},
  booktitle = {Proc. 8^{th} International Conference on Asphalt Pavements},
  year = {1997},
  volume = {1},
  pages = {161--178},
  address = {Seattle, Washington},
  owner = {Jeremy Lea},
  timestamp = {2006.11.10}
}

@TECHREPORT{Theyse:1997,
  author = {Theyse, Hecther L},
  title = {The feasibility of developing an advanced linear-elastic
	multi-layer analysis routine for pavement analysis and design},
  institution = {Department of Transport},
  year = {1997},
  type = {Project Report},
  number = {CR-97/085},
  address = {Pretoria, South Africa},
  owner = {Jeremy Lea},
  timestamp = {2006.11.10}
}

@TECHREPORT{,
  author = {Theyse, Hechter L},
  title = {TRH4 Revision (1995) Phase II: Mechanistic design analysis of the
	pavement structures contained in the TRH4 (1995): Pavement design
	catalogue},
  institution = {Department of Transport},
  year = {1995},
  type = {Contract Report},
  number = {NSC 24/2 I/PA/14/95},
  address = {Pretoria, South Africa},
  owner = {Jeremy Lea},
  timestamp = {2006.11.10}
}

